
@misc{Sharma_2018,
    title={Ways to Detect and Remove the Outliers},
    url={https://towardsdatascience.com/ways-to-detect-and-remove-the-outliers-404d16608dba},
    abstractNote={While working on a Data Science project, what is it, that you look for? What is the most important part of the EDA phase? There are certain…},
    journal={Medium},
    author={Sharma, Natasha},
    year={2018},
    month={5}
}

@electronic{Geron2017Handson,
    added-at = {2018-12-02T16:09:07.000+0100},
    author = {G\'{e}ron, Aur\'{e}lien},
    biburl = {https://www.bibsonomy.org/bibtex/249cd81d53a254d642bc35a40d40255e3/karthikraman},
    day = 09,
    edition = 1,
    howpublished = {Paperback},
    interhash = {e2bd4a803c6cba6cca1d926b393806ad},
    intrahash = {49cd81d53a254d642bc35a40d40255e3},
    isbn = {1491962291},
    keywords = {deep-learning iitm library machine-learning},
    month = apr,
    posted-at = {2017-06-29 04:41:21},
    priority = {2},
    publisher = {O'Reilly Media},
    timestamp = {2018-12-02T16:09:07.000+0100},
    title = {Hands-on machine learning},
    url = {http://www.amazon.com/exec/obidos/redirect?tag=citeulike07-20\&path=ASIN/1491962291},
    year = 2017
}

@misc{Zhang_2019,
    title={Understand Data Normalization in Machine Learning},
    url={https://towardsdatascience.com/understand-data-normalization-in-machine-learning-8ff3062101f0},
    abstractNote={If you’re new to data science/machine learning, you probably wondered a lot about the nature and effect of the buzzword ‘feature…},
    journal={Medium},
    author={Zhang, Zixuan},
    year={2019},
    month={8}
}

@misc{DeFilippi_2018,
    title={Standardize or Normalize\? Examples in Python},
    url={https://medium.com/@rrfd/standardize-or-normalize-examples-in-python-e3f174b65dfc},
    abstractNote={A common misconception is between what it is and when to standardize data versus normalize date},
    journal={Medium},
    author={DeFilippi, Robert R. F.},
    year={2018},
    month={4}
}

@misc{Jaitley_2019,
    title={Why Data Normalization is necessary for Machine Learning models},
    url={https://medium.com/@urvashilluniya/why-data-normalization-is-necessary-for-machine-learning-models-681b65a05029},
    abstractNote={Normalization is a technique often applied as part of data preparation for machine learning. The goal of normalization is to change the…},
    journal={Medium},
    author={Jaitley, Urvashi},
    year={2019},
    month={4}
}

@misc{pandas,
    title= {Python Data Analysis Library},
    url={https://pandas.pydata.org/}
}

@misc{scikit-learn,
    title = {machine learning in Python scikit-learn documentation},
    url={https://scikit-learn.org/stable/}
}

@misc{seaborn,
    title = {statistical data visualization seaborn documentation},
    url={https://seaborn.pydata.org/}
}
